%YAML 1.1
%TAG !u! tag:unity3d.com,2011:
--- !u!1 &1187401047360862304
GameObject:
  m_ObjectHideFlags: 0
  m_CorrespondingSourceObject: {fileID: 0}
  m_PrefabInstance: {fileID: 0}
  m_PrefabAsset: {fileID: 0}
  serializedVersion: 6
  m_Component:
  - component: {fileID: 1933822228694496284}
  - component: {fileID: 5043526595714603402}
  - component: {fileID: 2871668890486048831}
  m_Layer: 0
  m_Name: PlayerPurple
  m_TagString: Untagged
  m_Icon: {fileID: 0}
  m_NavMeshLayer: 0
  m_StaticEditorFlags: 0
  m_IsActive: 1
--- !u!4 &1933822228694496284
Transform:
  m_ObjectHideFlags: 0
  m_CorrespondingSourceObject: {fileID: 0}
  m_PrefabInstance: {fileID: 0}
  m_PrefabAsset: {fileID: 0}
  m_GameObject: {fileID: 1187401047360862304}
  m_LocalRotation: {x: 0, y: 0, z: 0, w: 1}
  m_LocalPosition: {x: 0, y: 0, z: 0}
  m_LocalScale: {x: 1, y: 1, z: 1}
  m_Children: []
  m_Father: {fileID: 1298486773311259664}
  m_RootOrder: 0
  m_LocalEulerAnglesHint: {x: 0, y: 0, z: 0}
--- !u!114 &5043526595714603402
MonoBehaviour:
  m_ObjectHideFlags: 0
  m_CorrespondingSourceObject: {fileID: 0}
  m_PrefabInstance: {fileID: 0}
  m_PrefabAsset: {fileID: 0}
  m_GameObject: {fileID: 1187401047360862304}
  m_Enabled: 1
  m_EditorHideFlags: 0
  m_Script: {fileID: 11500000, guid: 4a248bb4d57ac034dbe8c515a22ff3b7, type: 3}
  m_Name: 
  m_EditorClassIdentifier: 
  _playerIndex: -1
  _connectInputComponent: 1
  _controllableObject: {fileID: 0}
  keyLeft: 106
  keyRight: 108
  keyAbility: 105
--- !u!114 &2871668890486048831
MonoBehaviour:
  m_ObjectHideFlags: 0
  m_CorrespondingSourceObject: {fileID: 0}
  m_PrefabInstance: {fileID: 0}
  m_PrefabAsset: {fileID: 0}
  m_GameObject: {fileID: 1187401047360862304}
  m_Enabled: 1
  m_EditorHideFlags: 0
  m_Script: {fileID: 11500000, guid: 7b80ee0b94daa8b4c9093a695f8207ff, type: 3}
  m_Name: 
  m_EditorClassIdentifier: 
  _detectOnRotation: 1
  _detectOnAbilityUse: 0
  _player:
    _name: Purple
    _playerCorner: 0
    _fontMaterial: {fileID: 2100000, guid: 4619f3d6729e0284285ad77f41d58370, type: 2}
--- !u!1 &2919066898105053186
GameObject:
  m_ObjectHideFlags: 0
  m_CorrespondingSourceObject: {fileID: 0}
  m_PrefabInstance: {fileID: 0}
  m_PrefabAsset: {fileID: 0}
  serializedVersion: 6
  m_Component:
  - component: {fileID: 3217423953085494067}
  - component: {fileID: 5443166296912271830}
  - component: {fileID: 3167714138715890218}
  m_Layer: 0
  m_Name: PlayerRed
  m_TagString: Untagged
  m_Icon: {fileID: 0}
  m_NavMeshLayer: 0
  m_StaticEditorFlags: 0
  m_IsActive: 1
--- !u!4 &3217423953085494067
Transform:
  m_ObjectHideFlags: 0
  m_CorrespondingSourceObject: {fileID: 0}
  m_PrefabInstance: {fileID: 0}
  m_PrefabAsset: {fileID: 0}
  m_GameObject: {fileID: 2919066898105053186}
  m_LocalRotation: {x: 0, y: 0, z: 0, w: 1}
  m_LocalPosition: {x: 0, y: 0, z: 0}
  m_LocalScale: {x: 1, y: 1, z: 1}
  m_Children: []
  m_Father: {fileID: 1298486773311259664}
  m_RootOrder: 1
  m_LocalEulerAnglesHint: {x: 0, y: 0, z: 0}
--- !u!114 &5443166296912271830
MonoBehaviour:
  m_ObjectHideFlags: 0
  m_CorrespondingSourceObject: {fileID: 0}
  m_PrefabInstance: {fileID: 0}
  m_PrefabAsset: {fileID: 0}
  m_GameObject: {fileID: 2919066898105053186}
  m_Enabled: 1
  m_EditorHideFlags: 0
  m_Script: {fileID: 11500000, guid: 4a248bb4d57ac034dbe8c515a22ff3b7, type: 3}
  m_Name: 
  m_EditorClassIdentifier: 
  _playerIndex: -1
  _connectInputComponent: 1
  _controllableObject: {fileID: 0}
  keyLeft: 102
  keyRight: 104
  keyAbility: 116
--- !u!114 &3167714138715890218
MonoBehaviour:
  m_ObjectHideFlags: 0
  m_CorrespondingSourceObject: {fileID: 0}
  m_PrefabInstance: {fileID: 0}
  m_PrefabAsset: {fileID: 0}
  m_GameObject: {fileID: 2919066898105053186}
  m_Enabled: 1
  m_EditorHideFlags: 0
  m_Script: {fileID: 11500000, guid: 7b80ee0b94daa8b4c9093a695f8207ff, type: 3}
  m_Name: 
  m_EditorClassIdentifier: 
  _detectOnRotation: 1
  _detectOnAbilityUse: 0
  _player:
    _name: Red
    _playerCorner: 1
    _fontMaterial: {fileID: 2100000, guid: ff206e3ebeedd304e88ff15bf66ad477, type: 2}
--- !u!1 &5266874395098841311
GameObject:
  m_ObjectHideFlags: 0
  m_CorrespondingSourceObject: {fileID: 0}
  m_PrefabInstance: {fileID: 0}
  m_PrefabAsset: {fileID: 0}
  serializedVersion: 6
  m_Component:
  - component: {fileID: 3385599810832798782}
  - component: {fileID: 5361736889015214776}
  - component: {fileID: 4015947512757048275}
  m_Layer: 0
  m_Name: PlayerGreen
  m_TagString: Untagged
  m_Icon: {fileID: 0}
  m_NavMeshLayer: 0
  m_StaticEditorFlags: 0
  m_IsActive: 1
--- !u!4 &3385599810832798782
Transform:
  m_ObjectHideFlags: 0
  m_CorrespondingSourceObject: {fileID: 0}
  m_PrefabInstance: {fileID: 0}
  m_PrefabAsset: {fileID: 0}
  m_GameObject: {fileID: 5266874395098841311}
  m_LocalRotation: {x: 0, y: 0, z: 0, w: 1}
  m_LocalPosition: {x: 0, y: 0, z: 0}
  m_LocalScale: {x: 1, y: 1, z: 1}
  m_Children: []
  m_Father: {fileID: 1298486773311259664}
  m_RootOrder: 3
  m_LocalEulerAnglesHint: {x: 0, y: 0, z: 0}
--- !u!114 &5361736889015214776
MonoBehaviour:
  m_ObjectHideFlags: 0
  m_CorrespondingSourceObject: {fileID: 0}
  m_PrefabInstance: {fileID: 0}
  m_PrefabAsset: {fileID: 0}
  m_GameObject: {fileID: 5266874395098841311}
  m_Enabled: 1
  m_EditorHideFlags: 0
  m_Script: {fileID: 11500000, guid: 4a248bb4d57ac034dbe8c515a22ff3b7, type: 3}
  m_Name: 
  m_EditorClassIdentifier: 
  _playerIndex: -1
  _connectInputComponent: 1
  _controllableObject: {fileID: 0}
  keyLeft: 276
  keyRight: 275
  keyAbility: 273
--- !u!114 &4015947512757048275
MonoBehaviour:
  m_ObjectHideFlags: 0
  m_CorrespondingSourceObject: {fileID: 0}
  m_PrefabInstance: {fileID: 0}
  m_PrefabAsset: {fileID: 0}
  m_GameObject: {fileID: 5266874395098841311}
  m_Enabled: 1
  m_EditorHideFlags: 0
  m_Script: {fileID: 11500000, guid: 7b80ee0b94daa8b4c9093a695f8207ff, type: 3}
  m_Name: 
  m_EditorClassIdentifier: 
  _detectOnRotation: 1
  _detectOnAbilityUse: 0
  _player:
    _name: Green
    _playerCorner: 2
    _fontMaterial: {fileID: 2100000, guid: 6aaf1eea32c611842822d65c7fd1bb3e, type: 2}
--- !u!1 &5619136140415091793
GameObject:
  m_ObjectHideFlags: 0
  m_CorrespondingSourceObject: {fileID: 0}
  m_PrefabInstance: {fileID: 0}
  m_PrefabAsset: {fileID: 0}
  serializedVersion: 6
  m_Component:
  - component: {fileID: 5619136140415091799}
  - component: {fileID: 5619136140415091792}
  - component: {fileID: 3839105135070357769}
  m_Layer: 0
  m_Name: GameManager
  m_TagString: Untagged
  m_Icon: {fileID: 0}
  m_NavMeshLayer: 0
  m_StaticEditorFlags: 0
  m_IsActive: 1
--- !u!4 &5619136140415091799
Transform:
  m_ObjectHideFlags: 0
  m_CorrespondingSourceObject: {fileID: 0}
  m_PrefabInstance: {fileID: 0}
  m_PrefabAsset: {fileID: 0}
  m_GameObject: {fileID: 5619136140415091793}
  m_LocalRotation: {x: 0, y: 0, z: 0, w: 1}
  m_LocalPosition: {x: 0, y: 0, z: 0}
  m_LocalScale: {x: 1, y: 1, z: 1}
  m_Children:
  - {fileID: 1298486773311259664}
  m_Father: {fileID: 0}
  m_RootOrder: 0
  m_LocalEulerAnglesHint: {x: 0, y: 0, z: 0}
--- !u!114 &5619136140415091792
MonoBehaviour:
  m_ObjectHideFlags: 0
  m_CorrespondingSourceObject: {fileID: 0}
  m_PrefabInstance: {fileID: 0}
  m_PrefabAsset: {fileID: 0}
  m_GameObject: {fileID: 5619136140415091793}
  m_Enabled: 1
  m_EditorHideFlags: 0
  m_Script: {fileID: 11500000, guid: 2c9d835ff0f548b4691c8b6adffecad6, type: 3}
  m_Name: 
  m_EditorClassIdentifier: 
  _countdownTimer: {fileID: 0}
  _enablePowerUps: 0
  _timerPlayerSelect: 5
  _timerInGame: 3
  _delayBetweenRounds: 5
--- !u!114 &3839105135070357769
MonoBehaviour:
  m_ObjectHideFlags: 0
  m_CorrespondingSourceObject: {fileID: 0}
  m_PrefabInstance: {fileID: 0}
  m_PrefabAsset: {fileID: 0}
  m_GameObject: {fileID: 5619136140415091793}
  m_Enabled: 1
  m_EditorHideFlags: 0
  m_Script: {fileID: 11500000, guid: 64782ca1eddd7754e81a069ff3362c59, type: 3}
  m_Name: 
  m_EditorClassIdentifier: 
  _duration: 5
--- !u!1 &5917396066769654152
GameObject:
  m_ObjectHideFlags: 0
  m_CorrespondingSourceObject: {fileID: 0}
  m_PrefabInstance: {fileID: 0}
  m_PrefabAsset: {fileID: 0}
  serializedVersion: 6
  m_Component:
  - component: {fileID: 1298486773311259664}
  m_Layer: 0
  m_Name: PlayerInputs
  m_TagString: Untagged
  m_Icon: {fileID: 0}
  m_NavMeshLayer: 0
  m_StaticEditorFlags: 0
  m_IsActive: 1
--- !u!4 &1298486773311259664
Transform:
  m_ObjectHideFlags: 0
  m_CorrespondingSourceObject: {fileID: 0}
  m_PrefabInstance: {fileID: 0}
  m_PrefabAsset: {fileID: 0}
  m_GameObject: {fileID: 5917396066769654152}
  m_LocalRotation: {x: 0, y: 0, z: 0, w: 1}
  m_LocalPosition: {x: 0, y: 0, z: 0}
  m_LocalScale: {x: 1, y: 1, z: 1}
  m_Children:
  - {fileID: 1933822228694496284}
  - {fileID: 3217423953085494067}
  - {fileID: 7426149817668623292}
  - {fileID: 3385599810832798782}
  m_Father: {fileID: 5619136140415091799}
  m_RootOrder: 0
  m_LocalEulerAnglesHint: {x: 0, y: 0, z: 0}
--- !u!1 &7479476207787375448
GameObject:
  m_ObjectHideFlags: 0
  m_CorrespondingSourceObject: {fileID: 0}
  m_PrefabInstance: {fileID: 0}
  m_PrefabAsset: {fileID: 0}
  serializedVersion: 6
  m_Component:
  - component: {fileID: 7426149817668623292}
  - component: {fileID: 7677242041667660781}
  - component: {fileID: 2465096398791744404}
  m_Layer: 0
  m_Name: PlayerBlue
  m_TagString: Untagged
  m_Icon: {fileID: 0}
  m_NavMeshLayer: 0
  m_StaticEditorFlags: 0
  m_IsActive: 1
--- !u!4 &7426149817668623292
Transform:
  m_ObjectHideFlags: 0
  m_CorrespondingSourceObject: {fileID: 0}
  m_PrefabInstance: {fileID: 0}
  m_PrefabAsset: {fileID: 0}
  m_GameObject: {fileID: 7479476207787375448}
  m_LocalRotation: {x: 0, y: 0, z: 0, w: 1}
  m_LocalPosition: {x: 0, y: 0, z: 0}
  m_LocalScale: {x: 1, y: 1, z: 1}
  m_Children: []
  m_Father: {fileID: 1298486773311259664}
  m_RootOrder: 2
  m_LocalEulerAnglesHint: {x: 0, y: 0, z: 0}
--- !u!114 &7677242041667660781
MonoBehaviour:
  m_ObjectHideFlags: 0
  m_CorrespondingSourceObject: {fileID: 0}
  m_PrefabInstance: {fileID: 0}
  m_PrefabAsset: {fileID: 0}
  m_GameObject: {fileID: 7479476207787375448}
  m_Enabled: 1
  m_EditorHideFlags: 0
  m_Script: {fileID: 11500000, guid: 4a248bb4d57ac034dbe8c515a22ff3b7, type: 3}
  m_Name: 
  m_EditorClassIdentifier: 
  _playerIndex: -1
  _connectInputComponent: 1
  _controllableObject: {fileID: 0}
  keyLeft: 97
  keyRight: 100
  keyAbility: 119
--- !u!114 &2465096398791744404
MonoBehaviour:
  m_ObjectHideFlags: 0
  m_CorrespondingSourceObject: {fileID: 0}
  m_PrefabInstance: {fileID: 0}
  m_PrefabAsset: {fileID: 0}
  m_GameObject: {fileID: 7479476207787375448}
  m_Enabled: 1
  m_EditorHideFlags: 0
  m_Script: {fileID: 11500000, guid: 7b80ee0b94daa8b4c9093a695f8207ff, type: 3}
  m_Name: 
  m_EditorClassIdentifier: 
  _detectOnRotation: 1
  _detectOnAbilityUse: 0
  _player:
    _name: Blue
    _playerCorner: 3
    _fontMaterial: {fileID: 2100000, guid: 83d7c5d782b33244596e51e34de7e24c, type: 2}
